@manual
{
    robko-man,
	Author = {\relax{Завод за медицинска техника ИТКР-БАН}},
	Title = {Миниробот РОБКО 01 ръководство за експлоатация},
	Publisher = {Министерство на машиностроенето, ДСО "Приборостроене и автоматизация"},
	Year = {1986},
}

@book
{
    NRB_electronics,
    Author = {Огнемир Генчев},
	Publisher = {ИК "ДБ Мр"},
	Title = {Панорама на електронната промишленост на България. Факти и документи},
	Year = {2003},
	%Url = {http://files.bbaeii.webnode.com/200000195-8e5298f4c7/PanoramaBE.pdf}
}

@book
{
    mini_mover_software,
    Author = {Alexander Zelinsky},
	Publisher = {University of Wollongong},
	Title = {Robotic software for the mini-mover 5 robot arm},
	Year = {1984},
	%Url = {http://ro.uow.edu.au/cgi/viewcontent.cgi?article=1052&context=compsciwp}
}

@online
{
    robko-obscomp-robko,
	Author = {Спартак Симеонов},
	Title = {Робко},
	Url = {https://obsoletecomputers.wordpress.com/category/\%d1\%80\%d0\%be\%d0\%b1\%d0\%ba\%d0\%be/},
	%Urldate = {2017/12/27},
	Year = {2017}
}

@online
{
    robko-obscomp-threesome,
	Author = {Спартак Симеонов},
	Title = {Obsolete Battle Stations},
	Url = {https://obsoletecomputers.wordpress.com/2017/10/15/post248/},
	%Urldate = {2017/12/8},
	Year = {2017}
}

@online
{
    robko-obscomp-optoclaw,
	Author = {Спартак Симеонов},
	Title = {РОБКО 01: Оптичен Сензорен Хващач},
	Url = {https://obsoletecomputers.wordpress.com/2016/03/11/post203/},
	%Urldate = {2017/12/8},
	Year = {2016}
}

@online
{
    robko-obscomp-emclaw,
	Author = {Спартак Симеонов},
	Title = {РОБКО 01: Електромагнитен Хващач},
	Url = {https://obsoletecomputers.wordpress.com/2016/03/11/post202/},
	%Urldate = {2017/12/8},
	Year = {2016}
}

@online
{
    robko-obscomp-demo,
	Author = {Спартак Симеонов},
	Title = {РОБКО 01: Част 2.5 – Resistance Is Futile!},
	Url = {https://obsoletecomputers.wordpress.com/2016/03/01/post201/},
	%Urldate = {2017/12/8},
	Year = {2016}
}

@online
{
    robko-obscomp-history,
	Author = {Спартак Симеонов},
	Title = {РОБКО 01: Част 2 – История},
	Url = {https://obsoletecomputers.wordpress.com/2015/12/31/post198/},
	%Urldate = {2017/12/8},
	Year = {2015}
}

@online
{
    robko-obscomp-intro,
	Author = {Спартак Симеонов},
	Title = {РОБКО 01: Част 1 – Въведение},
	Url = {https://obsoletecomputers.wordpress.com/2015/03/13/post187/},
	%Urldate = {2017/12/8},
	Year = {2015}
}

@online
{
    robko-obscomp-origcntrl,
	Author = {Спартак Симеонов},
	Title = {РОБКО 01: Оригинална Карта Контролер},
	Url = {https://obsoletecomputers.wordpress.com/2017/07/05/post246/},
	%Urldate = {2017/12/8},
	Year = {2017}
}

@COMMENT{Valentin Nikolov}
@online
{
    robko-obscomp-usbcntrl,
	Author = {Спартак Симеонов},
	Title = {РОБКО 01: USB Карта Контролер},
	Url = {https://obsoletecomputers.wordpress.com/2017/07/05/post245/},
	%Urldate = {2017/12/8},
	Year = {2017}
}

@online
{
    robko-obscomp-psu,
	Author = {Спартак Симеонов},
	Title = {РОБКО 01: DIY Захранване},
	Url = {https://obsoletecomputers.wordpress.com/2017/07/05/post244/},
	%Urldate = {2017/12/8},
	Year = {2017}
}

@online
{
    robko-atmega128,
	Author = {Симеон С. Иванов},
	Title = {РОБКО 01},
	Url = {http://mcu-bg.com/mcu_site/viewtopic.php?f=22&t=11875},
	%Urldate = {2017/12/8},
	Year = {2014}
}

@online
{
    robko-cnc,
	Author = {Симеон С. Иванов},
	Title = {ROBKO 01 (CNC)},
	Url = {https://www.youtube.com/watch?v=DBmUu_JXreI},
	%Urldate = {2017/12/8},
	Year = {2013}
}

@online
{
    robko-cnc-git,
	Author = {Симеон С. Иванов},
	Title = {ROBKO-01},
	Url = {https://github.com/SimeonSimeonovIvanov/ROBKO-01},
	%Urldate = {2017/12/8},
	Year = {2014}
}

@online
{
    robko-orlin-fb,
	Author = {Орлин Димитров},
	Title = {Демонстрация на новят безплатен контролер за робко},
	Url = {https://www.facebook.com/myrobko01/videos/495895157278674/},
	%Urldate = {2017/12/29},
	Year = {2016}
}

@online
{
    robko-orlin-double2,
	Author = {Орлин Димитров},
	Title = {multi robot controll 2},
	Organization = {Технически Университет - Габрово},
	Url = {https://www.youtube.com/watch?v=yoRsDOwzwH4},
	%Urldate = {2017/12/8},
	Year = {2012}
}

@online
{
    robko-orlin-demo1,
	Author = {Орлин Димитров},
	Title = {Robko01 in action},
	Organization = {Технически Университет - Габрово},
	Url = {https://www.youtube.com/watch?v=55JS5DzrfIA},
	%Urldate = {2017/12/8},
	Year = {2009}
}

@online
{
    robko-orlin-demo2,
	Author = {Орлин Димитров},
	Title = {Robko01 in action2},
	Organization = {Технически Университет - Габрово},
	Url = {https://www.youtube.com/watch?v=CViVuY9aWjU},
	%Urldate = {2017/12/8},
	Year = {2009}
}

@COMMENT{Glowing optoclaw board}
@online
{
    robko-orlin-ui,
	Author = {Орлин Димитров},
	Title = {Robko 01},
	Organization = {Технически Университет - Габрово},
	Url = {https://www.youtube.com/watch?v=LXBnqjmuPp8},
	%Urldate = {2017/12/8},
	Year = {2008}
}

@online
{
    robko-orlin-conveyor,
	Author = {Орлин Димитров},
	Title = {Conveyor band for Robko 01},
	Organization = {Технически Университет - Габрово},
	Url = {https://www.youtube.com/watch?v=e2Kx3pWJFnY},
	%Urldate = {2017/12/8},
	Year = {2011}
}

@online
{
    robko-orlin-double1,
	Author = {Орлин Димитров},
	Title = {multi robot controll},
	Organization = {Технически Университет - Габрово},
	Url = {https://www.youtube.com/watch?v=GnM44YLJ7xw},
	%Urldate = {2017/12/8},
	Year = {2012}
}

@online
{
    robko-orlin-demo3,
	Author = {Орлин Димитров},
	Title = {Robko 01 new USB multiple joint control},
	Organization = {Технически Университет - Габрово},
	Url = {https://www.youtube.com/watch?v=yU4HlVUhavc},
	%Urldate = {2017/12/8},
	Year = {2011}
}

@online
{
    robko-orlin-demo4,
	Author = {Орлин Димитров},
	Title = {Brief demonstration of Robko 01.},
	Organization = {Технически Университет - Габрово},
	Url = {https://www.youtube.com/watch?v=f4am0vE4VrA},
	%Urldate = {2017/12/8},
	Year = {2011}
}

@online
{
    robko-usb-gui,
	Author = {Валентин Николов},
	Title = {ROBKO 01 controlled via USB},
	Url = {https://www.youtube.com/watch?v=0PiUocIpvKk},
	%Urldate = {2017/12/8},
	Year = {2011}
}

@online
{
    robko-usb,
	Author = {Валентин Николов},
	Title = {ROBKO 01 controlled via USB},
	Url = {https://www.youtube.com/watch?v=irrGDe6bqeY},
	%Urldate = {2017/12/8},
	Year = {2010}
}

@misc
{
    robko-val_niko,
    Author = {Валентин Николов},
    Title = {Управление на учебен манипулационен робот - “РОБКО 01” със съвременна компютърна архитектура},
    Year = {2015},
    %Url = {https://github.com/orlin369/Robko01/blob/master/ValentinNikolov/Documents/Controller.pdf}
}

@online
{
    robko-arduinodue,
	Author = {Стойко Налбантов},
	Title = {Robko 01},
	Url = {https://www.youtube.com/watch?v=eagrwSgtxZU},
	%Urldate = {2017/12/8},
	Year = {2015}
}

@online
{
    robko-slovenija,
	Author = {Ivan Pestun},
	Title = {Domo arigato Mr. Robko 01},
	Url = {https://www.youtube.com/watch?v=PH-pHKrDNCU},
	%Urldate = {2017/12/8},
	Year = {2008}
}

@online
{
    robko-demo,
	Author = {Деян Левски},
	Title = {Testing Robko 01},
	Url = {https://www.youtube.com/watch?v=fnG47MVyRRg},
	%Urldate = {2017/12/8},
	Year = {2012}
}

@online
{
    robko-slovakia,
	Author = {malylubo},
	Title = {robko01- robotic arm},
	Organization = {Slovak University of Technology, Faculty of Electrical Engineering and Information Technology, Institute of Control and Industrial Informatics},
	Url = {https://www.youtube.com/watch?v=ipP2iE9NqJg},
	%Urldate = {2017/12/8},
	Year = {2009}
}

@online
{
    robko-czech1,
	Author = {Zdenek Klauda},
	Title = {ROBKO_01},
	Url = {https://www.youtube.com/watch?v=2lnCmmRwAJc},
	%Urldate = {2017/12/8},
	Year = {2014}
}

@online
{
    robko-czech3,
	Author = {Hilkester},
	Title = {Robko01 - pt3},
	Url = {https://www.youtube.com/watch?v=fwcoyPnUtgQ},
	%Urldate = {2017/12/8},
	Year = {2014}
}

@online
{
    robko-czech4,
	Author = {Hilkester},
	Title = {Robko01 - pt4},
	Url = {https://www.youtube.com/watch?v=NvD6vn0YfFE},
	%Urldate = {2017/12/8},
	Year = {2014}
}

@online
{
    robko-zaralab,
	Author = {Илко Груев},
	Title = {Заралаб организира шоу с роботи в Стара Загора},
	Url = {https://www.youtube.com/watch?v=LG1JD_KiJZ4},
	%Urldate = {2017/12/8},
	Year = {2015}
}

@article
{
    IoT-def,
    Author = {Feng Xia},
    Title = {Internet of Things},
    Journal = {International journal of Communication Systems},
    Volume = {25},
    Pages = {1101–1102},
    Year = {2012}
}

@INPROCEEDINGS
{
    home-auto-def,
    author={M. Asadullah and A. Raza},
    booktitle={2016 2nd International Conference on Robotics and Artificial Intelligence (ICRAI)},
    title={An overview of home automation systems},
    year={2016},
    volume={},
    number={},
    pages={27-31},
    keywords={control engineering computing;domestic appliances;home automation;home computing;microcontrollers;smart phones;home appliance control;home appliance monitoring;home automation system;microcontroller;smart phone;Bluetooth;GSM;Home appliances;Home automation;Speech recognition;ZigBee;Bluetooth;EnOcean;GSM;Home Automation System;Internet of things (IoT);ZigBee},
    doi={10.1109/ICRAI.2016.7791223},
    ISSN={},
    month={11},
}

@online
{
    industry-4.0,
	Author = {},
	Title = {Industry 4.0: the fourth industrial revolution – guide to Industrie 4.0},
	Url = {https://www.i-scoop.eu/industry-4-0/},
	%Urldate = {2018/1/27},
	Year = {2017}
}

@manual
{
    mcu_specs,
	Author = {ST Microelectronics},
	Title = {STM32L476xx - Ultra-low-power ARM® Cortex®-M4 32-bit MCU+FPU, 100DMIPS,
up to 1MB Flash, 128 KB SRAM, USB OTG FS, LCD, ext. SMPS},
	Year = {2017}
}

@online
{
    joystick_pravets,
	Author = {},
	Title = {Джойстик за Правец-8},
	Url = {http://www.nesiprav.com/collection/joystick-for-pravetz-8/},
	%Urldate = {2018/2/1},
	Year = {2014}
}

@online
{
    joystick_apple,
	Author = {},
	Title = {Apple IIc/IIe Joystick Model A2M2002},
	Url = {http://www.nightfallcrew.com/02/04/2010/apple-iiciie-joystick-model-a2m2002/},
	%Urldate = {2018/2/1},
	Year = {2010}
}

@online
{
    joystick_explained,
	Author = {Dave Jones},
	Title = {EEVblog \#1054 - How an Analog PC Joystick Works},
	Url = {https://www.eevblog.com/2018/02/04/eevblog-1054-how-an-analog-pc-joystick-works/},
	%Urldate = {2018/2/1},
	Year = {2018}
}

@manual
{
    pravets82,
	Author = {Приборостроителен завод - гр. Правец},
	Publisher = {Министерство на машиностроенето и електрониката, ДСО "Приборостроене и автоматизация"},
	Title = {Паспорт на персонален компютър Правец 82},
	Year = {1982}
}

@online
{
    cmsis_git,
	Author = {ARM-software},
	Title = {CMSIS_5},
	Url = {https://github.com/ARM-software/CMSIS_5/releases/tag/5.3.0},
	%Urldate = {},
	Year = {2018}
}

@manual
{
    ll_hal_man,
	Author = {ST Microelectronics},
	Title = {Description of STM32L4 HAL and Low Layer drivers},
	Year = {2017}
}

@manual
{
    mcu_prog_man,
	Author = {ST Microelectronics},
	Title = {STM32F3 Series, STM32F4 Series, STM32L4 Series and
STM32L4+ Series Cortex®-M4 programming manual},
	Year = {2017}
}

@manual
{
    mcu_man,
	Author = {ST Microelectronics},
	Title = {STM32L4x5 and STM32L4x6 advanced ARM®-based 32-bit MCUs},
	Year = {2017}
}

@manual
{
    nucleo_man,
	Author = {ST Microelectronics},
	Title = {STM32 Nucleo-64 boards},
	Year = {2017}
}

@manual
{
    arm_arch,
	Author = {ARM},
	Title = {ARM®v7-M Architecture Reference Manual},
	Year = {2010}
}

@online
{
    na_kafe,
	Author = {Нова Телевизия},
	Title = { На кафе - Епизод 142 Сезон 9},
	Url = {https://play.nova.bg/programi/na-kafe/931870?autostart=true},
	%Urldate = {},
	Year = {2018}
}